@article{Hinze:2006:FTS:1114670.1114674,
 author = {Hinze, Ralf and Paterson, Ross},
 title = {Finger Trees: A Simple General-purpose Data Structure},
 journal = {J. Funct. Program.},
 issue_date = {March 2006},
 volume = {16},
 number = {2},
 month = mar,
 year = {2006},
 issn = {0956-7968},
 pages = {197--217},
 numpages = {21},
 url = {http://dx.doi.org/10.1017/S0956796805005769},
 doi = {10.1017/S0956796805005769},
 acmid = {1114674},
 publisher = {Cambridge University Press},
 address = {New York, NY, USA},
}

@article{JFP:44143,
    author = {Sabry, Amr},
    title = {What is a purely functional language?},
    journal = {Journal of Functional Programming},
    volume = {8},
    issue = {01},
    year = {1998},
    issn = {1469-7653},
    pages = {1--22},
    URL = {http://journals.cambridge.org/article_S0956796897002943},
}

@phdthesis{okasaki1999purely,
  title = {Purely functional data structures},
  author = {Okasaki, Chris},
  year = {1999},
  school = {Cambridge University Press},
  doi = {10.1.1.62.505},
  number = {CMU-CS-96-177}
}
