@article{goldschlag1999CACM,
 author = {Goldschlag, David M. and Reed, Michael G. and Syverson, Paul F.},
 title = {Onion Routing},
 journal = {{Communications of the ACM}},
 issue_date = {Feb. 1999},
 volume = {42},
 number = {2},
 month = feb,
 year = {1999},
 issn = {0001-0782},
 pages = {39--41},
 numpages = {3},
 url = {http://doi.acm.org/10.1145/293411.293443},
 doi = {10.1145/293411.293443},
 acmid = {293443},
 publisher = {ACM},
 address = {New York, NY, USA},
}
@article{goldschlag2006JSAC,
 author = {Reed, Michael G. and Syverson, Paul F. and Goldschlag, David M.},
 title = {Anonymous Connections and Onion Routing},
 journal = {{IEEE Journal on Selected Areas in Communications}},
 issue_date = {September 2006},
 volume = {16},
 number = {4},
 month = sep,
 year = {2006},
 issn = {0733-8716},
 pages = {482--494},
 numpages = {13},
 url = {http://dx.doi.org/10.1109/49.668972},
 doi = {10.1109/49.668972},
 acmid = {2312782},
 publisher = {IEEE Press},
 address = {Piscataway, NJ, USA},
}

@book{algs4e,
 author = {Sedgewick, Robert and Wayne, Kevin},
 title = {Algorithms},
 year = {2011},
 isbn = {032157351X, 9780321573513},
 edition = {4th},
 publisher = {Addison-Wesley Professional},
}

@article{zaumen1991SIGCOMM,
 author = {Zaumen, William T. and Garcia-Luna Aceves, J. J.},
 title = {Dynamics of Distributed Shortest-path Routing Algorithms},
 journal = {{ACM SIGCOMM Computer Communication Review}},
 issue_date = {Sept. 1991},
 volume = {21},
 number = {4},
 month = aug,
 year = {1991},
 issn = {0146-4833},
 pages = {31--42},
 numpages = {12},
 url = {http://doi.acm.org/10.1145/115994.115997},
 doi = {10.1145/115994.115997},
 acmid = {115997},
 publisher = {ACM},
 address = {New York, NY, USA},
}
@article{humblet1991another,
  title={Another adaptive distributed shortest path algorithm},
  author={Humblet, Pierre A},
  journal={{IEEE Transactions on Communications}},
  volume={39},
  number={6},
  pages={995--1003},
  year={1991}
}
@book{humblet1988adaptive,
  title={An adaptive distributed Dijkstra shortest path algorithm},
  author={Humblet, Pierre A and others},
  year={1988},
  publisher={Citeseer}
}
@article{Gallager:1983:DAM:357195.357200,
 author = {Gallager, R. G. and Humblet, P. A. and Spira, P. M.},
 title = {A Distributed Algorithm for Minimum-Weight Spanning Trees},
 journal = {{ACM Transactions on Programming Languages and Systems}},
 issue_date = {Jan. 1983},
 volume = {5},
 number = {1},
 month = jan,
 year = {1983},
 issn = {0164-0925},
 pages = {66--77},
 numpages = {12},
 url = {http://doi.acm.org/10.1145/357195.357200},
 doi = {10.1145/357195.357200},
 acmid = {357200},
 publisher = {ACM},
 address = {New York, NY, USA},
}
